%!TEX root = ../my_thesis.tex

@book{ryan2009channel,
  title={Channel codes: classical and modern},
  author={Ryan, William and Lin, Shu},
  year={2009},
  publisher={Cambridge University Press}
}


@article{arikan_channel_2009,
	title = {Channel polarization: {A} method for constructing capacity-achieving codes for symmetric binary-input memoryless channels},
	volume = {55},
	number = {7},
	journal = {IEEE Transactions on Information Theory},
	author = {Arikan, Erdal},
	year = {2009}
}


@article{tal_how_2013,
	title = {How to construct polar codes},
	volume = {59},
	issn = {0018-9448},
	doi = {10.1109/TIT.2013.2272694},
	number = {10},
	journal = {IEEE Transactions on Information Theory (TIT)},
	author = {Tal, I. and Vardy, A.},
	month = oct,
	year = {2013},
	keywords = {Decoding, Complexity theory, polar codes, codes, Convolutional codes, channel capacity, Approximation algorithms, alphabet size, approximation methods, Approximation methods, approximation theory, Channel degrading and upgrading, channel polarization, construction algorithms, Kernel, polar bit-channels, Quantization (signal)},
	pages = {6562--6582}
}

@article{trifonov_efficient_2012,
	title = {Efficient {Design} and {Decoding} of {Polar} {Codes}},
	volume = {60},
	issn = {0090-6778},
	doi = {10.1109/TCOMM.2012.081512.110872},
	number = {11},
	journal = {IEEE Transactions on Communications},
	author = {Trifonov, P.},
	month = nov,
	year = {2012},
	keywords = {polar codes, Maximum likelihood decoding, concatenated codes, Polar codes, Vectors, Approximation algorithms, Concatenated codes, Constellation diagram, density evolution, design, Error probability, Gaussian approximation, Gaussian processes, maximum likelihood decoding, multilevel codes, multistage decoding algorithm}
}

@article{arikan_systematic_2011,
	title = {Systematic {Polar} {Coding}},
	volume = {15},
	issn = {1089-7798},
	doi = {10.1109/LCOMM.2011.061611.110862},
	abstract = {Polar codes were originally introduced as a class of non-systematic linear block codes. This paper gives encoding and decoding methods for systematic polar coding that preserve the low-complexity nature of non-systematic polar coding while guaranteeing the same frame error rate. Simulation results are given to show that systematic polar coding offers significant advantages in terms of bit error rate performance.},
	number = {8},
	journal = {IEEE Communications Letters},
	author = {Arikan, E.},
	month = aug,
	year = {2011},
	keywords = {binary codes, Binary phase shift keying, Bit error rate, bit error rate performance, Channel coding, Complexity theory, decoding, Decoding, decoding methods, encoding methods, error propagation, error statistics, frame error rate, linear codes, nonsystematic linear block codes, nonsystematic polar coding, Polar codes, successive cancellation decoding, systematic polar codes, systematic polar coding, Systematics},
	pages = {860--862},
	file = {IEEE Xplore Abstract Record:/home/bonben/Zotero/storage/6LCDJG7E/5934670.html:text/html}
}