

@article{leonardon_fast_2017,
	title = {Fast and {Flexible} {Software} {Polar} {List} {Decoders}},
	url = {http://arxiv.org/abs/1710.08314},
	urldate = {2018-04-12},
	journal = {arXiv:1710.08314 [cs, math]},
	author = {Léonardon, Mathieu and Cassagne, Adrien and Leroux, Camille and Jégo, Christophe and Hamelin, Louis-Philippe and Savaria, Yvon},
	month = oct,
	year = {2017},
	note = {arXiv: 1710.08314},
	keywords = {Computer Science - Information Theory},
	annote = {Comment: 11 pages, 7 figures, submitted to Springer Journal of Signal Processing Systems},
	file = {arXiv\:1710.08314 PDF:/home/bonben/Zotero/storage/WJJM8BS2/Léonardon et al. - 2017 - Fast and Flexible Software Polar List Decoders.pdf:application/pdf;arXiv.org Snapshot:/home/bonben/Zotero/storage/4PC8HZU7/1710.html:text/html}
}

@inproceedings{ghaffari_improving_2017,
	title = {Improving performance of {SCMA} {MPA} decoders using estimation of conditional probabilities},
	doi = {10.1109/NEWCAS.2017.8010095},
	booktitle = {2017 15th {IEEE} {International} {New} {Circuits} and {Systems} {Conference} ({NEWCAS})},
	author = {Ghaffari, A. and Leonardon, M. and Savaria, Y. and Jego, C. and Leroux, C.},
	month = jun,
	year = {2017},
	keywords = {5G, 5G mobile communication, 5G systems, Algorithm design and analysis, BER, bit-error rate, conditional probabilities, Decoding, error statistics, Estimation, Gaussian channels, Gaussian noise channels, iterative multi-user detection, Message passing, message passing algorithm, MPA Decoder, multi-access systems, nonorthogonal modulation, polynomial probability distributions, probability, Probability density function, SCMA MPA decoders, sparse code multiple access, Sparse Code Multiple Access (SCMA), Throughput, Uplink},
	pages = {21--24},
	file = {IEEE Xplore Abstract Record:/home/bonben/Zotero/storage/LK4X7AE6/8010095.html:text/html}
}


@inproceedings{leonardon_custom_2018,
	title = {Custom {Low} {Power} {Processor} for {Polar} {Decoding}},
	doi = {10.1109/ISCAS.2018.8351739},
	booktitle = {2018 {IEEE} {International} {Symposium} on {Circuits} and {Systems} ({ISCAS})},
	author = {Léonardon, M. and Leroux, C. and Binet, D. and Langlois, J. M. P. and Jégo, C. and Savaria, Y.},
	month = may,
	year = {2018},
	keywords = {5G mobile communication, Decoding, Throughput, Hardware, Registers, Software, Energy consumption},
	pages = {1--5},
	file = {IEEE Xplore Abstract Record:/home/bonben/Zotero/storage/VAW6WI5C/8351739.html:text/html;IEEE Xplore Abstract Record:/home/bonben/Zotero/storage/W7LNCRKD/8351739.html:text/html}
}

@inproceedings{leonardon_tta_2018,
	title = {Transport {Triggered} {Polar} {Decoders}},
	booktitle = {2018 {International} {Symposium} on {Turbo} {Codes} and {Iterative} {Information} {Processing} 2018 ({ISTC})},
	author = {Léonardon, M. and Leroux, C. and Jääskeläinen, P. and Jégo, C. and Savaria, Y.},
	year = {2018},
}

@Article{Ghaffari2018,
  author   = {A. Ghaffari and M. L\'eonardon and A. Cassagne and C. Leroux and Y. Savaria},
  title    = {Toward High Performance Implementation of {5G} {SCMA} Algorithms},
  journal  = {IEEE Access},
  year     = {2018},
  note     = {Submitted 15-Jul-2018},
  file     = {:pdf/Ghaffari2018 - Toward High Performance Implementation of 5G SCMA Algorithms.pdf:PDF},
  keywords = {5G, SCMA, Maximum Likelihood (ML), Message Passing Algorithm (MPA), log-MPA, iterative multi-user detection, BER, Single Instruction Multiple Data (SIMD), Intel Advanced Vector Extensions (AVX), Streaming SIMD Extension (SSE), Knights Corner Instruction (KNCI), power efficiency, exponential estimations. },
}

@inproceedings{cassagne_fast_2017,
	title = {Fast simulation and prototyping with {AFF}3CT},
	abstract = {This demonstration intends to present AFF3CT (A Fast Forward 3rror Correction Tool). The main objective of AFF3CT is to provide a portable, open source, fast and ﬂexible software to the channel coding community in such a way that researchers can spend more time on channel coding / algorithmic problems instead of software development issues. It is also intended to facilitate the process of hardware veriﬁcation and debug with the objective of fast prototyping.},
	language = {en},
	booktitle = {{SiPS}},
	author = {Cassagne, Adrien and Leonardon, Mathieu and Hartmann, Olivier and Delbergue, Guillaume and Tonnellier, Thibaud and Tajan, Romain and Leroux, Camille and Jego, Christophe and Le Gal, Bertrand and Aumage, Olivier and Barthou, Denis},
	year = {2017},
	file = {Cassagne et al. - Fast simulation and prototyping with AFF3CT.pdf:/home/bonben/Zotero/storage/CE9DBY3A/Cassagne et al. - Fast simulation and prototyping with AFF3CT.pdf:application/pdf}
}
